@article{rnn-in-captiongen:2018,
   title={Where to put the image in an image caption generator},
   volume={24},
   ISSN={1469-8110},
   url={http://dx.doi.org/10.1017/S1351324918000098},
   DOI={10.1017/s1351324918000098},
   number={3},
   journal={Natural Language Engineering},
   publisher={Cambridge University Press (CUP)},
   author={TANTI, MARC and GATT, ALBERT and CAMILLERI, KENNETH P.},
   year={2018},
   month={Apr},
   pages={467–489}
}
@misc{YOLOnet,
      title={You Only Look Once: Unified, Real-Time Object Detection}, 
      author={Joseph Redmon and Santosh Divvala and Ross Girshick and Ali Farhadi},
      year={2016},
      eprint={1506.02640},
      archivePrefix={arXiv},
      primaryClass={cs.CV}
}
@misc{word-embed,
      title={word2vec Parameter Learning Explained}, 
      author={Xin Rong},
      year={2016},
      eprint={1411.2738},
      archivePrefix={arXiv},
      primaryClass={cs.CL}
}
@misc{word2vec,
      title={Distributed Representations of Words and Phrases and their Compositionality}, 
      author={Tomas Mikolov and Ilya Sutskever and Kai Chen and Greg Corrado and Jeffrey Dean},
      year={2013},
      eprint={1310.4546},
      archivePrefix={arXiv},
      primaryClass={cs.CL}
}
@article{LSTM-intro:2020,
   title={Fundamentals of Recurrent Neural Network (RNN) and Long Short-Term Memory (LSTM) network},
   volume={404},
   ISSN={0167-2789},
   url={http://dx.doi.org/10.1016/j.physd.2019.132306},
   DOI={10.1016/j.physd.2019.132306},
   journal={Physica D: Nonlinear Phenomena},
   publisher={Elsevier BV},
   author={Sherstinsky, Alex},
   year={2020},
   month={Mar},
   pages={132306}
}
@inbook{nn-basic,
author = {Du, K.-L and Swamy, M.N.s},
year = {2014},
month = {12},
pages = {337-353},
title = {Recurrent Neural Networks},
isbn = {978-1-4471-5570-6},
doi = {10.1007/978-1-4471-5571-3_11}
}
@misc{main-model,
      title={Show and Tell: A Neural Image Caption Generator}, 
      author={Oriol Vinyals and Alexander Toshev and Samy Bengio and Dumitru Erhan},
      year={2015},
      eprint={1411.4555},
      archivePrefix={arXiv},
      primaryClass={cs.CV}
}
@misc{RNN-in-cg,
      title={What is the Role of Recurrent Neural Networks (RNNs) in an Image Caption Generator?}, 
      author={Marc Tanti and Albert Gatt and Kenneth P. Camilleri},
      year={2017},
      eprint={1708.02043},
      archivePrefix={arXiv},
      primaryClass={cs.CL}
}
@article{CNN-expl:2021,
   title={CNN Explainer: Learning Convolutional Neural Networks with Interactive Visualization},
   volume={27},
   ISSN={2160-9306},
   url={http://dx.doi.org/10.1109/TVCG.2020.3030418},
   DOI={10.1109/tvcg.2020.3030418},
   number={2},
   journal={IEEE Transactions on Visualization and Computer Graphics},
   publisher={Institute of Electrical and Electronics Engineers (IEEE)},
   author={Wang, Zijie J. and Turko, Robert and Shaikh, Omar and Park, Haekyu and Das, Nilaksh and Hohman, Fred and Kahng, Minsuk and Polo Chau, Duen Horng},
   year={2021},
   month={Feb},
   pages={1396–1406}
}

@article{ORdum-1,
  title   = "Object Detection for Dummies Part 1: Gradient Vector, HOG, and SS",
  author  = "Weng, Lilian",
  journal = "lilianweng.github.io/lil-log",
  year    = "2017",
  url     = "http://lilianweng.github.io/lil-log/2017/10/29/object-recognition-for-dummies-part-1.html"
}
@article{ORdum-2,
  title   = "Object Detection for Dummies Part 2: CNN, DPM and Overfeat",
  author  = "Weng, Lilian",
  journal = "lilianweng.github.io/lil-log",
  year    = "2017",
  url     = "http://lilianweng.github.io/lil-log/2017/12/15/object-recognition-for-dummies-part-2.html"
}
@article{ORdum-3,
  title   = "Object Detection for Dummies Part 3: R-CNN Family",
  author  = "Weng, Lilian",
  journal = "lilianweng.github.io/lil-log",
  year    = "2017",
  url     = "http://lilianweng.github.io/lil-log/2017/12/31/object-recognition-for-dummies-part-3.html"
}
@article{ORdum-4,
  title   = "Object Detection Part 4: Fast Detection Models",
  author  = "Weng, Lilian",
  journal = "lilianweng.github.io/lil-log",
  year    = "2018",
  url     = "http://lilianweng.github.io/lil-log/2018/12/27/object-detection-part-4.html"
}
@misc{Overfeat,
      title={OverFeat: Integrated Recognition, Localization and Detection using Convolutional Networks}, 
      author={Pierre Sermanet and David Eigen and Xiang Zhang and Michael Mathieu and Rob Fergus and Yann LeCun},
      year={2014},
      eprint={1312.6229},
      archivePrefix={arXiv},
      primaryClass={cs.CV}
}
@inproceedings{AlexNet,
 author = {Krizhevsky, Alex and Sutskever, Ilya and Hinton, Geoffrey E},
 booktitle = {Advances in Neural Information Processing Systems},
 editor = {F. Pereira and C. J. C. Burges and L. Bottou and K. Q. Weinberger},
 pages = {},
 publisher = {Curran Associates, Inc.},
 title = {ImageNet Classification with Deep Convolutional Neural Networks},
 url = {https://proceedings.neurips.cc/paper/2012/file/c399862d3b9d6b76c8436e924a68c45b-Paper.pdf},
 volume = {25},
 year = {2012}
}
@misc{CNN-intro,
      title={An Introduction to Convolutional Neural Networks}, 
      author={Keiron O'Shea and Ryan Nash},
      year={2015},
      eprint={1511.08458},
      archivePrefix={arXiv},
      primaryClass={cs.NE}
}
